@inproceedings{zheng2015conditional,
  title={Conditional random fields as recurrent neural networks},
  author={Zheng, Shuai and Jayasumana, Sadeep and Romera-Paredes, Bernardino and Vineet, Vibhav and Su, Zhizhong and Du, Dalong and Huang, Chang and Torr, Philip HS},
  booktitle={Proceedings of the IEEE international conference on computer vision},
  pages={1529--1537},
  year={2015}
}

@inproceedings{long2015fully,
	title={Fully convolutional networks for semantic segmentation},
	author={Long, Jonathan and Shelhamer, Evan and Darrell, Trevor},
	booktitle={Proceedings of the IEEE conference on computer vision and pattern recognition},
	pages={3431--3440},
	year={2015}
}

@article{dumoulin2016guide,
	title="{A guide to convolution arithmetic for deep learning}",
	author = {{Dumoulin}, Vincent and {Visin}, Francesco},
	journal = {ArXiv e-prints},
	eprint = {1603.07285},
	year={2016},
	month={mar}
}

@article{chen2014semantic,
	title={Semantic image segmentation with deep convolutional nets and fully connected crfs},
	author={Chen, Liang-Chieh and Papandreou, George and Kokkinos, Iasonas and Murphy, Kevin and Yuille, Alan L},
	journal={arXiv preprint arXiv:1412.7062},
	year={2014}
}

@article{yu2015multi,
	title={Multi-scale context aggregation by dilated convolutions},
	author={Yu, Fisher and Koltun, Vladlen},
	journal={arXiv preprint arXiv:1511.07122},
	year={2015}
}

@article{chen2018deeplab,
	title={Deeplab: Semantic image segmentation with deep convolutional nets, atrous convolution, and fully connected crfs},
	author={Chen, Liang-Chieh and Papandreou, George and Kokkinos, Iasonas and Murphy, Kevin and Yuille, Alan L},
	journal={IEEE transactions on pattern analysis and machine intelligence},
	volume={40},
	number={4},
	pages={834--848},
	year={2018},
	publisher={IEEE}
}

@inproceedings{krahenbuhl2011efficient,
	title={Efficient inference in fully connected crfs with gaussian edge potentials},
	author={Kr{\"a}henb{\"u}hl, Philipp and Koltun, Vladlen},
	booktitle={Advances in neural information processing systems},
	pages={109--117},
	year={2011}
}

@inproceedings{zhao2017pyramid,
	title={Pyramid scene parsing network},
	author={Zhao, Hengshuang and Shi, Jianping and Qi, Xiaojuan and Wang, Xiaogang and Jia, Jiaya},
	booktitle={IEEE Conf. on Computer Vision and Pattern Recognition (CVPR)},
	pages={2881--2890},
	year={2017}
}

@article{chen2017rethinking,
	title={Rethinking atrous convolution for semantic image segmentation},
	author={Chen, Liang-Chieh and Papandreou, George and Schroff, Florian and Adam, Hartwig},
	journal={arXiv preprint arXiv:1706.05587},
	year={2017}
}

@article{everingham2015pascal,
	title={The pascal visual object classes challenge: A retrospective},
	author={Everingham, Mark and Eslami, SM Ali and Van Gool, Luc and Williams, Christopher KI and Winn, John and Zisserman, Andrew},
	journal={International journal of computer vision},
	volume={111},
	number={1},
	pages={98--136},
	year={2015},
	publisher={Springer}
}

@article{wang2018depth,
	title={Depth-aware CNN for RGB-D Segmentation},
	author={Wang, Weiyue and Neumann, Ulrich},
	journal={arXiv preprint arXiv:1803.06791},
	year={2018}
}

@inproceedings{silberman2012indoor,
	title={Indoor segmentation and support inference from rgbd images},
	author={Silberman, Nathan and Hoiem, Derek and Kohli, Pushmeet and Fergus, Rob},
	booktitle={European Conference on Computer Vision},
	pages={746--760},
	year={2012},
	organization={Springer}
}